@article{hahn2003drift,
  title={Drift as a mechanism for cultural change: an example from baby names},
  author={Hahn, Matthew W and Bentley, R Alexander},
  journal={Proceedings of the Royal Society of London B: Biological Sciences},
  volume={270},
  number={Suppl 1},
  pages={S120--S123},
  year=2003,
  publisher={The Royal Society},
}

@article{bergman2012fad,
  title={When a fad ends: An agent-based model of imitative behavior},
  author={Bergman, Margo and others},
  journal={Computing in Economics and Finance. Available: http://www. uh. edu/margo/paper. pdf. Accessed},
  year={2012}
}
